@ARTICLE{dsrtf, 
author={C. {Gao} and V. {Lee} and K. {Li}}, 
journal={IEEE Transactions on Cloud Computing}, 
title={{D-SRTF: Distributed Shortest Remaining Time First Scheduling for Data Center Networks}}, 
year={2018}, 
volume={}, 
number={}, 
pages={1-1}, 
keywords={Bandwidth;Scheduling;Optimal scheduling;Cloud computing;Processor scheduling;Data centers;MIMICs;Data center networks;network protocols;scheduling}, 
doi={10.1109/TCC.2018.2879313}, 
ISSN={2168-7161}, 
month={},}

@ARTICLE{edf,
author = {Singh, Jagbeer and Bichitrananda, Patra and Prasad Singh, Satyendra},
year = {2011},
month = {03},
pages = {},
title = {An Algorithm to Reduce the Time Complexity of Earliest Deadline First Scheduling Algorithm in Real-Time System},
volume = {2},
journal = {International Journal of Advanced Computer Sciences and Applications},
doi = {10.14569/IJACSA.2011.020207}
}

@INPROCEEDINGS{predictjobcompletion, 
author={X. {Chen} and C. {Lu} and K. {Pattabiraman}}, 
booktitle={2013 43rd Annual IEEE/IFIP Conference on Dependable Systems and Networks Workshop (DSN-W)}, 
title={{Predicting Job Completion Times Using System Logs in Supercomputing Clusters}}, 
year={2013}, 
volume={}, 
number={}, 
pages={1-8}, 
keywords={cloud computing;computer centres;data mining;fault tolerant computing;hidden Markov models;parallel machines;security of data;software packages;system monitoring;job completion time prediction;system logs;supercomputing clusters;HPC clusters;cloud computing clusters;data centers;commercial off-the-shelf components;log mining;anomaly diagnosis;lack-of-organization;lack-of-semantic consistency;commodity PC clusters logs;automatic failure prediction model;hidden Markov model;HMM;Hidden Markov models;Markov processes;Hardware;Kernel;Absorption;Training;Computational modeling;Log Analysis;Prediction;Hidden Markov Model}, 
doi={10.1109/DSNW.2013.6615513}, 
ISSN={2325-6664}, 
month={June},}

@article{Forbes2014,
 author  = {Bercovici, Jeff},
 date    = {2014-06-19},
 title   = {That Facebook Outage Only Cost Facebook About \$500K},
 journal = {Forbes Magazine},
 url     = {https://www.forbes.com/sites/jeffbercovici/2014/06/19/that-facebook-outage-only-cost-facebook-about-500k/#e0202ca6db6d},
 urldate = {2019-03-04}
}

@inproceedings{helmy2015machine,
  title={A machine learning-based approach to estimate the CPU-burst time for processes in the computational grids},
  author={Helmy, Tarek and Al-Azani, Sadam and Bin-Obaidellah, Omar},
  booktitle={2015 3rd International Conference on Artificial Intelligence, Modelling and Simulation (AIMS)},
  pages={3--8},
  year={2015},
  organization={IEEE}
}

@book{arpaci2015operating,
  title={Operating systems: Three easy pieces},
  author={Arpaci-Dusseau, Remzi H and Arpaci-Dusseau, Andrea C},
  volume={1},
  year={2015},
  publisher={Arpaci-Dusseau Books}
}

@article{scikit-learn,
 title={Scikit-learn: Machine Learning in {P}ython},
 author={Pedregosa, F. and Varoquaux, G. and Gramfort, A. and Michel, V.
         and Thirion, B. and Grisel, O. and Blondel, M. and Prettenhofer, P.
         and Weiss, R. and Dubourg, V. and Vanderplas, J. and Passos, A. and
         Cournapeau, D. and Brucher, M. and Perrot, M. and Duchesnay, E.},
 journal={Journal of Machine Learning Research},
 volume={12},
 pages={2825--2830},
 year={2011}
}

@article{dean2008mapreduce,
  title={MapReduce: simplified data processing on large clusters},
  author={Dean, Jeffrey and Ghemawat, Sanjay},
  journal={Communications of the ACM},
  volume={51},
  number={1},
  pages={107--113},
  year={2008},
  publisher={ACM}
}

@inproceedings{onlinescheduling,
  title={Online Job Scheduling in Distributed Machine Learning Clusters},
  author={Bao, Yixin and Peng, Yanghua and Wu, Chuan and Li, Zongpeng},
  booktitle={IEEE INFOCOM 2018-IEEE Conference on Computer Communications},
  pages={495--503},
  year={2018},
  organization={IEEE}
}

@INPROCEEDINGS{dualsimplex, 
author={M. R. {Mahesh Kumar} and B. R. {Rajendra} and C. K. {Niranjan} and M. {Sreenatha}}, 
booktitle={Second International Conference on Current Trends In Engineering and Technology - ICCTET 2014}, 
title={Prediction of length of the next CPU burst in SJF scheduling algorithm using dual simplex method}, 
year={2014}, 
volume={}, 
number={}, 
pages={248-252}, 
keywords={processor scheduling;next CPU burst length prediction;dual simplex method;nonpreemptive scheduling;SJF scheduling algorithm;processor scheduling;shortest job first scheduling;Scheduling algorithms;Scheduling;Conferences;Optimization;Prediction algorithms;Market research;SJF;CPU burst;Dual-Simplex;nonpreemptive;LPP}, 
doi={10.1109/ICCTET.2014.6966296}, 
ISSN={}, 
month={July},}

@INPROCEEDINGS{fuzzycpu, 
author={A. {Pourali} and A. M. {Rahmani}}, 
booktitle={2009 International Association of Computer Science and Information Technology - Spring Conference}, 
title={A Fuzzy-Based Scheduling Algorithm for Prediction of Next CPU-Burst Time to Implement Shortest Process Next}, 
year={2009}, 
volume={}, 
number={}, 
pages={217-220}, 
keywords={fuzzy set theory;operating systems (computers);scheduling;fuzzy-based scheduling algorithm;shortest process next;operating system;execution time;intelligent fuzzy system;next CPU-burst time prediction;Scheduling algorithm;Processor scheduling;Fuzzy systems;Round robin;Operating systems;Delay;Springs;Time factors;Computer science;Intelligent systems;Scheduling algorithm;Operating system;CPU-burst time;Fuzzy system;Shortest Process Next (SPN)}, 
doi={10.1109/IACSIT-SC.2009.83}, 
ISSN={}, 
month={April},}

@inproceedings{slaq,
 author = {Zhang, Haoyu and Stafman, Logan and Or, Andrew and Freedman, Michael J.},
 title = {SLAQ: Quality-driven Scheduling for Distributed Machine Learning},
 booktitle = {Proceedings of the 2017 Symposium on Cloud Computing},
 series = {SoCC '17},
 year = {2017},
 isbn = {978-1-4503-5028-0},
 location = {Santa Clara, California},
 pages = {390--404},
 numpages = {15},
 url = {http://doi.acm.org/10.1145/3127479.3127490},
 doi = {10.1145/3127479.3127490},
 acmid = {3127490},
 publisher = {ACM},
 address = {New York, NY, USA},
 keywords = {approximate computing, machine learning, quality, resource management, scheduling},
} 

@inproceedings{deeprl,
 author = {Mao, Hongzi and Alizadeh, Mohammad and Menache, Ishai and Kandula, Srikanth},
 title = {Resource Management with Deep Reinforcement Learning},
 booktitle = {Proceedings of the 15th ACM Workshop on Hot Topics in Networks},
 series = {HotNets '16},
 year = {2016},
 isbn = {978-1-4503-4661-0},
 location = {Atlanta, GA, USA},
 pages = {50--56},
 numpages = {7},
 url = {http://doi.acm.org/10.1145/3005745.3005750},
 doi = {10.1145/3005745.3005750},
 acmid = {3005750},
 publisher = {ACM},
 address = {New York, NY, USA},
} 

@inproceedings{hindman2011mesos,
  title={Mesos: A platform for fine-grained resource sharing in the data center.},
  author={Hindman, Benjamin and Konwinski, Andy and Zaharia, Matei and Ghodsi, Ali and Joseph, Anthony D and Katz, Randy H and Shenker, Scott and Stoica, Ion},
  booktitle={NSDI},
  volume={11},
  number={2011},
  pages={22--22},
  year={2011}
}

@misc{Flask,
  title = {Flask Web Development Framework},
  author = {Armin Ronacher}
  howpublished = {\url{https://www.palletsprojects.com/p/flask/}},
  note = {Accessed: 2019-05-10}
}

@misc{guttenberg,
  title = {Project Guttenberg},
  author = {Project Guttenberg}
  howpublished = {\url{www.guttenberg.org}},
  note = {Accessed: 2019-05-10}
}

@article{chang2011libsvm,
  title={LIBSVM: A library for support vector machines},
  author={Chang, Chih-Chung and Lin, Chih-Jen},
  journal={ACM transactions on intelligent systems and technology (TIST)},
  volume={2},
  number={3},
  pages={27},
  year={2011},
  publisher={Acm}
}

@inproceedings{ghodsi2011dominant,
  title={Dominant Resource Fairness: Fair Allocation of Multiple Resource Types.},
  author={Ghodsi, Ali and Zaharia, Matei and Hindman, Benjamin and Konwinski, Andy and Shenker, Scott and Stoica, Ion},
  booktitle={Nsdi},
  volume={11},
  number={2011},
  pages={24--24},
  year={2011}
}